@book{Trappe,
  title={Introduction to Cryptography with Coding Theory},
  author={Wade Trappe and Lawrence C. Washington},
  isbn={0131862391},
  year={2006},
  publisher={Pearson Education International},
  keywords = {Cryptography}
}

@book{Kahn,
  title={The Codebreakers},
  author={David Kahn},
  isbn={0684831309},
  year={1967},
  publisher={The Macmillan Company},
  keywords = {Cryptography}
}